@article{art1,
	author =	"H. D. Caplener and J. A. Janku",
	title =		"Improved Modeling of Computer Hardware Systems",
	journal =	"Computer Design",
	volume =	12,
	pages =		"59--64",
	year =		1973}
@article{art2,
	author =	"B. Beizer",
	title =		"Towards a New Theory of Sequential Switching
			 Networks",
	journal =	"IEEE Trans. Computers",
	volume =	"C--19",
	pages =		"936--956",
	year =		1970}
@article{art3,
	author =	"村上 伸一",
	yomi =		"Shinichi Murakami",
	title =		"微分方程式の解曲線の表示",
	journal =	"情報処理",
	volume =	14,
	pages =		"231--238",
	year =		1970}
@article{art4,
	author =	"平井 有三 and 福島 邦彦",
	yomi =		"Yuzou Hirai and Kunihiko Fukushima",
	title =		"両眼視差抽出機構の神経回路網モデル",
	journal =	"信学論(D)",
	volume =	"56--D",
	pages =		"465--472",
	year =		1973}
@inproceedings{inproceedings1,
	author =	"Baraff, D",
	title =		"Curved Surfaces and Coherence for Non-penetrating
			 Rigid Body Simulation",
	booktitle =	"SIGGRAPH '90 Proceedings",
	pages =		"19--28",
	editor =	"Beach, R. J.",
	address =	"Dallas, Texas",
	organization =	"ACM",
	publisher =	"Addison-Wesley",
	year =		1990}
@inproceedings{inproceedings2,
	author =	"對馬 雄次 and others",
	yomi =		"Yuji Tsushima and others",
	title =		"ボリュームレンダリング専用並列計算機の" # 
			"アーキテクチャ",
	booktitle =	"並列処理シンポジウムJSPP'94",
	pages =		"89--96",
	year =		1994}
@book{book1,
	author =	"S. Barnett and C. Storey",
	title =		"Matrix Methods in Stablity Theory",
	publisher =	"Nelson",
	address =	"London",
	year = 		1970}
@inbook{book2,
	author =	"J. E. ホップクロフト and J. D. ウルマン" #
			"（木村，野崎訳）",
	yomi =		"J. E. Hopcroft and J. D. Ulman",
	title =		"言語理論とオートマトン",
	chapter =	6,
	publisher =	"サイエンス社",
	year =		1972}
@inbook{book3,
	author =	"寺沢 寛一",
	yomi =		"Kanichi Terasawa",
	title =		"自然科学者のための数学概論",
	pages =		"325--328",
	publisher =	"岩波書店",
	year =		1955}
