@nisc{bitcoin,
  title={Bitcoin: A peer-to-peer electronic cash system},
  author={Nakamoto, Satoshi},
  howpublished={\url{https://bitcoin.org/bitcoin.pdf}},
  year={2008}
}

@inproceedings{tezos,
  title={Introduction to the tezos blockchain},
  author={Allombert, Victor and Bourgoin, Mathias and Tesson, Julien},
  booktitle={2019 International Conference on High Performance Computing \& Simulation (HPCS)},
  pages={1--10},
  year={2019},
  organization={IEEE}
}
@inproceedings{raml,
  title={Resource aware ML},
  author={Hoffmann, Jan and Aehlig, Klaus and Hofmann, Martin},
  booktitle={International Conference on Computer Aided Verification},
  pages={781--786},
  year={2012},
  organization={Springer}
}
@inproceedings{amortized,
  title={Amortized resource analysis with polynomial potential},
  author={Hoffmann, Jan and Hofmann, Martin},
  booktitle={European Symposium on Programming},
  pages={287--306},
  year={2010},
  organization={Springer}
}

@misc{michelson,
title = {Michelson: the language of Smart Contracts in Tezos},
howpublished = {\url{https://tezos.gitlab.io/008/michelson.html}},
month = {},
year = {},
note = {(Accessed on 01/29/2021)}
}
